<?xml version="1.0" encoding="UTF-8"?><collection xmlns="http://www.loc.gov/MARC21/slim"><record><leader>00397nam--2200133-i-4500</leader><controlfield tag="001">000046714</controlfield><controlfield tag="002">20161230</controlfield><controlfield tag="005">20161230201046</controlfield><controlfield tag="008">060222s1000------------r-----000-0-eng-d</controlfield><datafield ind1=" " ind2=" " tag="080"><subfield code="a">621.317.313:621.39</subfield></datafield><datafield ind1=" " ind2=" " tag="100"><subfield code="a">Voge,J</subfield></datafield><datafield ind1=" " ind2=" " tag="245"><subfield code="a">Les hyperfrequence tubes et appareils de mesure applicatiions aux telecommunications et au radar</subfield></datafield><datafield ind1=" " ind2=" " tag="260"><subfield code="a">Paris, Ed.Eyrolles, 1951. Viii + 317 P</subfield></datafield><datafield ind1=" " ind2=" " tag="852"><subfield code="a">76159</subfield></datafield></record></collection>